<record><leader>00000cas a22000007a 4500</leader><controlfield tag="001">11347671</controlfield><controlfield tag="008">841105d18731897wiuwr ne      0    0eng d</controlfield><datafield ind1=" " ind2=" " tag="010"><subfield code="a">sn 84024885 </subfield></datafield><datafield ind1=" " ind2=" " tag="040"><subfield code="a">NPV</subfield><subfield code="b">eng</subfield><subfield code="c">NPV</subfield><subfield code="d">NPX</subfield><subfield code="d">MGN</subfield><subfield code="d">NVK</subfield><subfield code="d">OCLCQ</subfield><subfield code="d">OCLCO</subfield></datafield><datafield ind1="1" ind2=" " tag="029"><subfield code="a">AU@</subfield><subfield code="b">000023525535</subfield></datafield><datafield ind1=" " ind2=" " tag="042"><subfield code="a">msc</subfield></datafield><datafield ind1=" " ind2=" " tag="043"><subfield code="a">n-us-wi</subfield></datafield><datafield ind1=" " ind2=" " tag="045"><subfield code="a">w7w9</subfield></datafield><datafield ind1=" " ind2=" " tag="052"><subfield code="a">4123</subfield><subfield code="b">K5</subfield></datafield><datafield ind1="0" ind2="0" tag="245"><subfield code="a">Ahnapee record.</subfield></datafield><datafield ind1="1" ind2="3" tag="246"><subfield code="a">Record</subfield></datafield><datafield ind1=" " ind2=" " tag="260"><subfield code="a">Ahnapee [i.e. Algoma], Wis. :</subfield><subfield code="b">Wing &amp; Borgman,</subfield><subfield code="c">-1897.</subfield></datafield><datafield ind1=" " ind2=" " tag="300"><subfield code="a">v. :</subfield><subfield code="b">ill.</subfield></datafield><datafield ind1=" " ind2=" " tag="310"><subfield code="a">Weekly</subfield></datafield><datafield ind1="0" ind2=" " tag="362"><subfield code="a">-v. 25, no. 16 (Sept. 16, 1897).</subfield></datafield><datafield ind1="1" ind2=" " tag="362"><subfield code="a">Began June 12, 1873. Cf. Oehlerts, d. Guide to Wis. newspapers.</subfield></datafield><datafield ind1=" " ind2=" " tag="500"><subfield code="a">Editors: G.W. Wing &amp; C.W. Borgman, &lt;June 19, 1873&gt;-Sept. 17, 1874; W.H. Seymour, Sept. 24, 1874-May 18, 1876; D.W. Stebbings &amp; G.W. Wing, Aug. 31, 1876-May 17, 1877; H.D. Wing, May 31, 1877-Aug. 14, 1879; C.J. Barnes, Oct. 16, 1879-April 15, 1880; M.T. Parker &amp; H. Overbeck, Jr., Sept. 15, 1881-May 15, 1884; F.J. Clark, May 13, 1886-April 7, 1887.</subfield></datafield><datafield ind1=" " ind2=" " tag="500"><subfield code="a">Publisher varies: William H. Seymour, Sept. 24, 1874-May 18, 1876; D.W. Stebbins, May 25, 1876-&lt;May 17, 1877&gt;; H.D. Wing, &lt;May 31, 1877&gt;-Aug. 14, 1879; C.J. Barnes, Aug. 21, 1879-Sept. 15, 1881; Parker &amp; Overbeck, Sept. 22, 1881-May 15, 1884; D.W. Stebbins, May 22, 1874-Sept. 16, 1897.</subfield></datafield><datafield ind1=" " ind2=" " tag="530"><subfield code="a">Available on microfilm from The State Historical Society of Wisconsin.</subfield></datafield><datafield ind1=" " ind2=" " tag="588"><subfield code="a">Description based on: Vol. 1, no. 2 (June 19, 1873).</subfield></datafield><datafield ind1=" " ind2="0" tag="651"><subfield code="a">Algoma (Wis.)</subfield><subfield code="v">Newspapers.</subfield></datafield><datafield ind1=" " ind2="0" tag="651"><subfield code="a">Ahnapee (Wis.)</subfield><subfield code="v">Newspapers.</subfield></datafield><datafield ind1=" " ind2="0" tag="651"><subfield code="a">Kewaunee County (Wis.)</subfield><subfield code="v">Newspapers.</subfield></datafield><datafield ind1=" " ind2=" " tag="752"><subfield code="a">United States</subfield><subfield code="b">Wisconsin</subfield><subfield code="c">Kewaunee</subfield><subfield code="d">Algoma.</subfield></datafield><datafield ind1=" " ind2=" " tag="752"><subfield code="a">United States</subfield><subfield code="b">Wisconsin</subfield><subfield code="c">Kewaunee</subfield><subfield code="d">Ahnapee.</subfield></datafield><datafield ind1="0" ind2="0" tag="785"><subfield code="t">Algoma record</subfield><subfield code="w">(DLC)sn 86086052</subfield></datafield></record>